@manual{abntex2modelo-relatorio,
	Annote = {Este documento {\'e} derivado do \cite{abnt-bibtex-doc}},
	Author = {Lauro C{\'e}sar Araujo},
	Date-Added = {2013-01-15 00:05:34 +0000},
	Date-Modified = {2015-04-27 22:43:18 +0000},
	Organization = {Equipe abnTeX2},
	Title = {Modelo Can{\^o}nico de Relat{\'o}rio T{\'e}cnico e/ou Cient{\'\i}fico com abnTeX2},
	Url = {http://www.abntex.net.br/},
	Year = {2015},
	Bdsk-Url-1 = {http://www.abntex.net.br/}}
